<?xml version="1.0" encoding="UTF-8"?><collection xmlns="http://www.loc.gov/MARC21/slim"><record><leader>00480nam--2200181-u-4500</leader><controlfield tag="001">000050757</controlfield><controlfield tag="002">20161230</controlfield><controlfield tag="005">20161230201048</controlfield><controlfield tag="008">080401s1000------------r-----000-0-eng-d</controlfield><datafield ind1=" " ind2=" " tag="040"><subfield code="a">IFIN-HH</subfield></datafield><datafield ind1=" " ind2=" " tag="080"><subfield code="a">519.1</subfield></datafield><datafield ind1="1" ind2=" " tag="100"><subfield code="a">Bellman, R (Ed.)</subfield></datafield><datafield ind1="1" ind2="0" tag="245"><subfield code="a">Combinatorial Analysis</subfield></datafield><datafield ind1=" " ind2=" " tag="260"><subfield code="a">Providence</subfield><subfield code="b">American mathematical Society</subfield><subfield code="c">1960</subfield></datafield><datafield ind1=" " ind2=" " tag="300"><subfield code="a">311 p</subfield></datafield><datafield ind1=" " ind2=" " tag="490"><subfield code="a">Proceedings of Symposia in Applied Mathematics</subfield><subfield code="v">Vol.X</subfield></datafield><datafield ind1=" " ind2=" " tag="852"><subfield code="c">51</subfield></datafield><datafield ind1=" " ind2=" " tag="CAT"><subfield code="a">Sys</subfield><subfield code="c">20080401</subfield><subfield code="h">102810</subfield></datafield></record></collection>